<?xml version="1.0" encoding="UTF-8"?><collection xmlns="http://www.loc.gov/MARC21/slim"><record><leader>00500nam--2200181-i-4500</leader><controlfield tag="001">000001340</controlfield><controlfield tag="002">20161230</controlfield><controlfield tag="005">20161230201024</controlfield><controlfield tag="008">060222s1000------------r-----000-0-fre-d</controlfield><datafield ind1=" " ind2=" " tag="040"><subfield code="a">IFIN-HH</subfield></datafield><datafield ind1=" " ind2=" " tag="041"><subfield code="a">fre</subfield></datafield><datafield ind1=" " ind2=" " tag="080"><subfield code="a">533.922.(043)</subfield></datafield><datafield ind1="1" ind2=" " tag="100"><subfield code="a">Etievant, Claude</subfield></datafield><datafield ind1="1" ind2="0" tag="245"><subfield code="a">Etudes d'interactions faisceau-plasma en la presence d'un champ magnetique</subfield><subfield code="b">These</subfield><subfield code="c">Claude etievant</subfield></datafield><datafield ind1=" " ind2=" " tag="260"><subfield code="a">Paris</subfield><subfield code="b">Universite</subfield><subfield code="c">1963</subfield></datafield><datafield ind1=" " ind2=" " tag="300"><subfield code="a">226 P</subfield></datafield><datafield ind1=" " ind2=" " tag="852"><subfield code="a">77926</subfield><subfield code="c">533.9</subfield></datafield><datafield ind1=" " ind2=" " tag="CAT"><subfield code="a">Sys</subfield><subfield code="c">20110119</subfield><subfield code="h">103354</subfield></datafield></record></collection>